@misc{patent_jadidi_2018,
  title={System and method for calibration-lessly compensating bias of sensors for localization and tracking},
  author={Jadidi, Maani Ghaffari and Patel, Miteshkumar and Biehl, Jacob and Girgensohn, Andreas},
  year={2018},
  month=nov # "~15",
  publisher={Google Patents},
  note={US Patent App. 15/595,931}
}

@misc{patent_liu_2017,
  title={Mobile robot indoor localization and navigation system and method},
  author={Liu, Qiong and Ma, Shang and Kratz, Sven},
  year={2017},
  month=nov # "~30",
  publisher={Google Patents},
  note={US Patent App. 15/164,598}
}

@misc{patent_jagannath_2017,
  title={System and method for indoor location mapping and tracking},
  author={Jagannath, Ramanujam},
  year={2017},
  month=may # "~23",
  publisher={Google Patents},
  note={US Patent 9,661,467}
}

@misc{patent_shin_2017,
  title={Active indoor location sensing for mobile devices},
  author={Shin, Kang G and Tung, Yu-Chih},
  year={2017},
  month=nov # "~28",
  publisher={Google Patents},
  note={US Patent 9,829,577}
}

@misc{patent_huang_2017,
  title={Method and apparatus for mobile location determination},
  author={Huang, Joseph Ding-Jiu and Millman, David Benjamin},
  year={2017},
  month=aug # "~29",
  publisher={Google Patents},
  note={US Patent 9,749,780}
}

@misc{patent_yang_2019,
  title={Apparatus, system and method of estimating an orientation of a mobile device},
  author={Yang, Xue and Yang, Lei},
  year={2019},
  month=mar # "~5",
  publisher={Google Patents},
  note={US Patent App. 10/222,208}
}

@misc{patent_davis_2014,
  title={Mobile device indoor navigation},
  author={Davis, Bruce L and Rodriguez, Tony F and Shivappa, Shankar Thagadur},
  year={2014},
  month=feb # "~25",
  publisher={Google Patents},
  note={US Patent 8,660,581}
}

@misc{patent_hodes_2015,
  title={Accelerometer-Based Movement Prediction System},
  author={Hodes, Jeffrey Harris and Mishra, Arunesh},
  year={2015},
  month=jun # "~18",
  publisher={Google Patents},
  note={US Patent App. 13/912,833}
}

@misc{patent_czompo_2016,
  title={Method and apparatus for movement detection by evaluating elementary movement patterns},
  author={Czompo, Joseph and Seibert, Cristina A},
  year={2016},
  month=jul # "~19",
  publisher={Google Patents},
  note={US Patent 9,398,536}
}

@misc{patent_venkatraman_2017,
  title={Techniques for determining movements based on sensor measurements from a plurality of mobile devices co-located with a person},
  author={Venkatraman, Sai Pradeep and Gao, Weihua and Werner, Benjamin A},
  year={2017},
  month=feb # "~28",
  publisher={Google Patents},
  note={US Patent 9,584,975}
}

@misc{patent_cheung_2017,
  title={Algorithms for gait measurement with 3-axes accelerometer/gyro in mobile devices},
  author={Cheung, Jeffreytai Kin},
  year={2017},
  month=feb # "~16",
  publisher={Google Patents},
  note={US Patent App. 15/276,798}
}

@misc{patent_trigoni_2017,
  title={Determining the position of a mobile device in a geographical area},
  author={Trigoni, Agathoniki and Zhuoling, XIAO},
  year={2017},
  month=aug # "~24",
  publisher={Google Patents},
  note={US Patent App. 15/509,771}
}

@misc{patent_levy_2018,
  title={Mobility determination},
  author={Levy, Gil and Aizenbud, Yaron},
  year={2018},
  month=apr # "~3",
  publisher={Google Patents},
  note={US Patent 9,933,450}
}

@misc{patent_nagpal_2018,
  title={Systems and methods for determining indoor location and floor of a mobile device},
  author={Nagpal, Paramvir Singh and Huberman, Sean and Tan, Edward and Gulo, Eros},
  year={2018},
  month=may # "~1",
  publisher={Google Patents},
  note={US Patent 9,961,508}
}

@misc{patent_chintalapudi_2016,
  title={Locating a mobile computing device in an indoor environment},
  author={Chintalapudi, Krishna and Padmanabhan, Venkata N and Rai, Anshul and Sen, Rijurekha and Sidhu, Gursharan Singh},
  year={2016},
  month=apr # "~12",
  publisher={Google Patents},
  note={US Patent 9,310,462}
}

@misc{patent_ramachandran_2017,
  title={Method for aligning a mobile device surface with the coordinate system of a sensor},
  author={Ramachandran, Mahesh and Ramanandan, Arvind and Brunner, Christopher and Chari, Murali Ramaswamy},
  year={2017},
  month=jul # "~25",
  publisher={Google Patents},
  note={US Patent 9,714,955}
}

@misc{patent_grokop_2016,
  title={Systems and methods for estimating movements of a vehicle using a mobile device},
  author={Grokop, Leonard H},
  year={2016},
  month=jun # "~7",
  publisher={Google Patents},
  note={US Patent 9,360,323}
}

@misc{patent_mukhtar_2018,
  title={Systems and methods for detecting mobile device movement within a vehicle using accelerometer data},
  author={Mukhtar, Yasir and Nagpal, Varun and Snyder, Jared S and Walsh, Connor},
  year={2018},
  month=jul # "~12",
  publisher={Google Patents},
  note={US Patent App. 15/841,867}
}

@misc{patent_sarkar_2016,
  title={Backtracking indoor trajectories using mobile sensors},
  author={Sarkar, Sourjya and Ghose, Avik},
  year={2016},
  month=oct # "~6",
  publisher={Google Patents},
  note={US Patent App. 15/087,393}
}

@misc{patent_jouanet_2017,
  title={Method and electronic calculator for determining the trajectory of a mobile object},
  author={Jouanet, Laurent and Carmona, Mikael and Sprynski, Nathalie},
  year={2017},
  month=sep # "~21",
  publisher={Google Patents},
  note={US Patent App. 15/532,438}
}

@misc{patent_agrawal_2015,
  title={Mobile device trajectory estimation},
  author={Agrawal, Dakshi and Ko, Bongjun and Zafer, Murtaza},
  year={2015},
  month=jul # "~28",
  publisher={Google Patents},
  note={US Patent 9,094,797}
}

@misc{patent_bang_2009,
  title={Handwriting trajectory recognition system and method},
  author={Bang, Won-chul and Kim, Dong-Yoon and Chang, Wook and Kang, Kyoung-ho and Choi, Eun-Seok},
  year={2009},
  month=jan # "~6",
  publisher={Google Patents},
  note={US Patent 7,474,771}
}

@misc{patent_stieler_1994,
  title={Procedure for measuring angles and trajectories by means of gyros and inertial systems},
  author={Stieler, Bernhard FM},
  year={1994},
  month=jul # "~19",
  publisher={Google Patents},
  note={US Patent 5,331,578}
}

@misc{patent_yang_2007,
  title={Trajectory estimation apparatus, method, and medium for estimating two-dimensional trajectory of gesture},
  author={Yang, Jing and Kim, Dong-yoon and Bang, Won-chul},
  year={2007},
  month=jul # "~26",
  publisher={Google Patents},
  note={US Patent App. 11/651,531}
}

@article{thiagarajan2011accurate,
  title={Accurate, low-energy trajectory mapping for mobile devices},
  author={Thiagarajan, Arvind and Ravindranath, Lenin and Balakrishnan, Hari and Madden, Samuel and Girod, Lewis},
  year={2011},
  publisher={USENIX Association}
}

@inproceedings{han2012accomplice,
  title={Accomplice: Location inference using accelerometers on smartphones},
  author={Han, Jun and Owusu, Emmanuel and Nguyen, Le T and Perrig, Adrian and Zhang, Joy},
  booktitle={2012 Fourth International Conference on Communication Systems and Networks (COMSNETS 2012)},
  pages={1--9},
  year={2012},
  organization={IEEE}
}

@article{chen2018establishing,
  title={Establishing the waist as the better location for attaching a single accelerometer to estimate center of pressure trajectories},
  author={Chen, Vincent CF and Chen, Shih-Wei},
  journal={Clinical Biomechanics},
  volume={60},
  pages={30--38},
  year={2018},
  publisher={Elsevier}
}

@inproceedings{zhang2013indoor,
  title={Indoor localization using a smart phone},
  author={Zhang, Rui and Bannoura, Amir and H{\"o}flinger, Fabian and Reindl, Leonhard M and Schindelhauer, Christian},
  booktitle={2013 IEEE Sensors Applications Symposium Proceedings},
  pages={38--42},
  year={2013},
  organization={IEEE}
}

@article{wang2012accelerometer,
  title={An accelerometer-based digital pen with a trajectory recognition algorithm for handwritten digit and gesture recognition},
  author={Wang, Jeen-Shing and Chuang, Fang-Chen},
  journal={IEEE Transactions on Industrial Electronics},
  volume={59},
  number={7},
  pages={2998--3007},
  year={2012},
  publisher={IEEE}
}

@inproceedings{yao2017deepsense,
  title={Deepsense: A unified deep learning framework for time-series mobile sensing data processing},
  author={Yao, Shuochao and Hu, Shaohan and Zhao, Yiran and Zhang, Aston and Abdelzaher, Tarek},
  booktitle={Proceedings of the 26th International Conference on World Wide Web},
  pages={351--360},
  year={2017},
  organization={International World Wide Web Conferences Steering Committee}
}

@inproceedings{kjaergaard2011energy,
  title={Energy-efficient trajectory tracking for mobile devices},
  author={Kj{\ae}rgaard, Mikkel Baun and Bhattacharya, Sourav and Blunck, Henrik and Nurmi, Petteri},
  booktitle={Proceedings of the 9th international conference on Mobile systems, applications, and services},
  pages={307--320},
  year={2011},
  organization={ACM}
}

@inproceedings{susanti2018indoor,
  title={Indoor Trajectory Reconstruction Using Mobile Devices},
  author={Susanti, Risca Mukti and Adhinugraha, Kiki Maulana and Alamri, Sultan and Barolli, Leonard and Taniar, David},
  booktitle={2018 IEEE 32nd International Conference on Advanced Information Networking and Applications (AINA)},
  pages={550--555},
  year={2018},
  organization={IEEE}
}

@article{fang2017learning,
  title={Learning transportation modes from smartphone sensors based on deep neural network},
  author={Fang, Shih-Hau and Fei, Yu-Xaing and Xu, Zhezhuang and Tsao, Yu},
  journal={IEEE Sensors Journal},
  volume={17},
  number={18},
  pages={6111--6118},
  year={2017},
  publisher={IEEE}
}

@article{lee2018automatic,
  title={Automatic physical activity and in-vehicle status classification based on GPS and accelerometer data: A hierarchical classification approach using machine learning techniques},
  author={Lee, Kangjae and Kwan, Mei-Po},
  journal={Transactions in GIS},
  volume={22},
  number={6},
  pages={1522--1549},
  year={2018},
  publisher={Wiley Online Library}
}

@inproceedings{xuan2010making,
  title={Making indoor maps with portable accelerometer and magnetometer},
  author={Xuan, Yiguang and Sengupta, Raja and Fallah, Yaser},
  booktitle={2010 Ubiquitous Positioning Indoor Navigation and Location Based Service},
  pages={1--7},
  year={2010},
  organization={IEEE}
}

@inproceedings{yan2018ridi,
  title={RIDI: Robust IMU double integration},
  author={Yan, Hang and Shan, Qi and Furukawa, Yasutaka},
  booktitle={Proceedings of the European Conference on Computer Vision (ECCV)},
  pages={621--636},
  year={2018}
}

@inproceedings{chen2018neural,
  title={Neural ordinary differential equations},
  author={Chen, Tian Qi and Rubanova, Yulia and Bettencourt, Jesse and Duvenaud, David K},
  booktitle={Advances in neural information processing systems},
  pages={6571--6583},
  year={2018}
}

@inproceedings{madjwick, 
  title={Estimation of IMU and MARG orientation using a gradient descent algorithm},
  author={Sebastian OH Madgwick, Andrew JL Harrison, and Ravi Vaidyanathan},
  booktitle={IEEE international conference on rehabilitation robotics},
  year={2011}
}


@inproceedings{kalman, 
  title={A New Approach to Linear Filtering and Prediction Problems},
  author={R. E. Kalman},
  booktitle={Transactions of the ASME–Journal of Basic Engineering},
  volume={82 (Series D)},
  pages={35--45},
  year={1960}
}

@article{yan2019ronin,
  author    = {Hang Yan and
               Sachini Herath and
               Yasutaka Furukawa},
  title     = {RoNIN: Robust Neural Inertial Navigation in the Wild: Benchmark, Evaluations,
               and New Methods},
  journal   = {CoRR},
  volume    = {abs/1905.12853},
  year      = {2019},
  url       = {http://arxiv.org/abs/1905.12853},
  archivePrefix = {arXiv},
  eprint    = {1905.12853},
  timestamp = {Mon, 03 Jun 2019 13:42:33 +0200},
  biburl    = {https://dblp.org/rec/bib/journals/corr/abs-1905-12853},
  bibsource = {dblp computer science bibliography, https://dblp.org}
}

@inproceedings{bayev2019rudacop,
  title={RuDaCoP: The Dataset for Smartphone-based Intellectual Pedestrian Navigation},
  author={Bayev, Andrey and Chistyakov, Ivan and Derevyankin, Alexey and Gartseev, Ilya and Nikulin, Alexey and Pikhletsky, Mikhail},
  booktitle={2019 International Conference on Indoor Positioning and Indoor Navigation (IPIN)},
  pages={1--8},
  year={2019},
  organization={IEEE}
}

@article{mohamed1999adaptive,
  title={Adaptive Kalman filtering for INS/GPS},
  author={Mohamed, AH and Schwarz, KP},
  journal={Journal of geodesy},
  volume={73},
  number={4},
  pages={193--203},
  year={1999},
  publisher={Springer}
}

@inproceedings{rahiman2013overview,
  title={An overview of development GPS navigation for autonomous car},
  author={Rahiman, Wan and Zainal, Zafariq},
  booktitle={2013 IEEE 8th Conference on Industrial Electronics and Applications (ICIEA)},
  pages={1112--1118},
  year={2013},
  organization={IEEE}
}

@inproceedings{dedes2005indoor,
  title={Indoor GPS positioning-challenges and opportunities},
  author={Dedes, George and Dempster, Andrew G},
  booktitle={VTC-2005-Fall. 2005 IEEE 62nd Vehicular Technology Conference, 2005.},
  volume={1},
  pages={412--415},
  year={2005},
  organization={Citeseer}
}

@article{young2018recent,
  title={Recent trends in deep learning based natural language processing},
  author={Young, Tom and Hazarika, Devamanyu and Poria, Soujanya and Cambria, Erik},
  journal={ieee Computational intelligenCe magazine},
  volume={13},
  number={3},
  pages={55--75},
  year={2018},
  publisher={IEEE}
}

@article{voulodimos2018deep,
  title={Deep learning for computer vision: A brief review},
  author={Voulodimos, Athanasios and Doulamis, Nikolaos and Doulamis, Anastasios and Protopapadakis, Eftychios},
  journal={Computational intelligence and neuroscience},
  volume={2018},
  year={2018},
  publisher={Hindawi}
}

@article{yu2010deep,
  title={Deep learning and its applications to signal and information processing [exploratory dsp]},
  author={Yu, Dong and Deng, Li},
  journal={IEEE Signal Processing Magazine},
  volume={28},
  number={1},
  pages={145--154},
  year={2010},
  publisher={IEEE}
}

@article{edge2001centimeter,
  title={Centimeter-accuracy indoor navigation using GPS-like pseudolites},
  author={Edge, Leading and Jobs, G},
  year={2001},
  publisher={Citeseer}
}

@article{mulloni2009indoor,
  title={Indoor positioning and navigation with camera phones},
  author={Mulloni, Alessandro and Wagner, Daniel and Barakonyi, Istvan and Schmalstieg, Dieter},
  journal={IEEE Pervasive Computing},
  volume={8},
  number={2},
  pages={22--31},
  year={2009},
  publisher={IEEE}
}

@article{girard2011indoor,
  title={Indoor pedestrian navigation using foot-mounted IMU and portable ultrasound range sensors},
  author={Girard, Gabriel and C{\^o}t{\'e}, St{\'e}phane and Zlatanova, Sisi and Barette, Yannick and St-Pierre, Johanne and Van Oosterom, Peter},
  journal={Sensors},
  volume={11},
  number={8},
  pages={7606--7624},
  year={2011},
  publisher={Molecular Diversity Preservation International}
}

@article{thong2004numerical,
  title={Numerical double integration of acceleration measurements in noise},
  author={Thong, YK and Woolfson, MS and Crowe, JA and Hayes-Gill, BR and Jones, DA},
  journal={Measurement},
  volume={36},
  number={1},
  pages={73--92},
  year={2004},
  publisher={Elsevier}
}

@inproceedings{beauregard2006pedestrian,
  title={Pedestrian dead reckoning: A basis for personal positioning},
  author={Beauregard, Stephane and Haas, Harald},
  booktitle={Proceedings of the 3rd Workshop on Positioning, Navigation and Communication},
  pages={27--35},
  year={2006}
}

@inproceedings{szegedy2017inception,
  title={Inception-v4, inception-resnet and the impact of residual connections on learning},
  author={Szegedy, Christian and Ioffe, Sergey and Vanhoucke, Vincent and Alemi, Alexander A},
  booktitle={Thirty-First AAAI Conference on Artificial Intelligence},
  year={2017}
}

@article{gers1999learning,
  title={Learning to forget: Continual prediction with LSTM},
  author={Gers, Felix A and Schmidhuber, J{\"u}rgen and Cummins, Fred},
  year={1999},
  publisher={IET}
}
